@book{book_python_lutz,
  author       = {М. Лутц},
  title        = {Изучаем Python. В 2 т.},
  publisher    = {Диалектика},
  edition      = {5-е},
  volume       = {1},
  pages        = {832},
  year         = {2019},
  address      = {СПб},
  language     = {russian},
  note         = {{ISBN:} 978-5-907144-52-1}
}

@book{book_postgres_optimization,
  author       = {Домбровская, Г. Р. and Новиков, Б. А. and Бейликова, А. В.},
  title        = {Оптимизация запросов в PostgreSQL},
  publisher    = {ДМК Пресс},
  pages        = {278},
  year         = {2022},
  address      = {М},
  language     = {russian},
  note         = {{ISBN:} 978-5-97060-963-7}
}

@book{book_microservices_patterns,
  author       = {К. Ричардсон},
  title        = {Микросервисы. Паттерны разработки и рефакторинга},
  publisher    = {Питер},
  pages        = {544},
  year         = {2019},
  address      = {СПб},
  language     = {russian},
  note         = {{ISBN:} 978-5-4461-0996-8}
}

@misc{web_automatization_of_operational_processes_in_company,
  author       = {\mbox{ТехноИнновация}},
  title        = {Автоматизация операционной деятельности в компании [Электронный ресурс]},
  year         = {2018},
  note = {Режим доступа: \url{https://techin.by/blog/avtomatizatsiya-operatsionnoy-deyatelnosti-v-kompanii}. --- Дата доступа: 15.03.2025},
  language     = {russian}
}

@book{book_clean_architecture,
  author       = {М. Роберт},
  title        = {Чистая архитектура. Искусство разработки программного обеспечения},
  publisher    = {Питер},
  pages        = {352},
  year         = {2021},
  address      = {СПб},
  language     = {russian},
  note         = {{ISBN:} 978-5-4461-0772-8}
}

@misc{web_clean_architecture,
  author       = {R. Martin},
  title        = {The Clean Architecture [Electronic resource]},
  year         = {2012},
  note = {Mode of access: \url{https://blog.cleancoder.com/uncle-bob/2012/08/13/the-clean-architecture.html}. --- Date of access: 24.01.2025},
  language     = {english}
}

@misc{web_space_management_for_the_workplace,
  author       = {\mbox{MRI Software}},
  title        = {The Complete Guide to Space Management for the Workplace [Electronic resource]},
  year         = {2022},
  note = {Mode of access: \url{https://www.mrisoftware.com/blog/what-is-a-space-management-system}. --- Date of access: 25.03.2025},
  language     = {english}
}

@misc{web_mri_workplace_central_brochure,
  author       = {\mbox{MRI Software}},
  title        = {MRI Workplace Central brochure overview [Electronic resource]},
  year         = {2022},
  note = {Mode of access: \url{https://info.mrisoftware.com/l/905272/2022-01-14/75x71/905272/16421737345fkwu0zi/WorkplaceCentral_Brochure_2021.pdf}. --- Date of access: 23.03.2025},
  language     = {english}
}

@misc{web_envoy_employee_data,
  author       = {\mbox{Envoy}},
  title        = {Envoy Workplace Employee Data management [Electronic resource]},
  year         = {2023},
  note = {Mode of access: \url{https://envoy.help/en/articles/4263445-envoy-workplace-employee-data}. --- Date of access: 23.03.2025},
  language     = {english}
}

@misc{web_gdpr,
  author       = {\mbox{Official Journal of the European Union}},
  title        = {General Data Protection Regulation [Electronic resource]},
  year         = {2016},
  note = {Mode of access: \url{https://eur-lex.europa.eu/legal-content/EN/TXT/PDF/?uri=CELEX:32016R0679}. --- Date of access: 23.03.2025},
  language     = {english}
}

@book{book_react,
  author       = {А. Бэнкс and Е. Порсело},
  title        = {React: современные шаблоны для разработки приложений},
  publisher    = {Питер},
  edition      = {2-е},
  pages        = {320},
  year         = {2022},
  address      = {СПб},
  language     = {russian},
  note         = {{ISBN:} 978-5-4461-1492-4}
}

@book{book_production_kubernetes,
  author       = {J. Rosso and R. Lander and A. Brand},
  title        = {Production Kubernetes},
  publisher    = {O'Reilly Media},
  pages        = {508},
  year         = {2021},
  address      = {CA},
  language     = {english},
  note         = {{ISBN:} 978-1-4920-9225-4}
}

@book{book_finance,
  author       = {F. K. Crundwell},
  title        = {Finance for engineers evaluation and funding of capital projects},
  publisher    = {Springer},
  pages        = {622},
  year         = {2008},
  address      = {London},
  language     = {russian},
  note         = {{ISBN:} 978-1-8480-0033-9}
}

@book{book_bsuir_economics,
  author       = {Горюшкин, А. А. and Горовой, В. Г. and Пархименко, В. А.},
  title        = {Технико-экономическое обоснование дипломных проектов (работ)},
  publisher    = {БГУИР},
  pages        = {105},
  year         = {2025},
  address      = {Минск},
  language     = {russian},
}

@book{book_tanenbaum_computer_networks,
  author       = {Таненбаум, Э. and Уэзеролл Д.},
  title        = {Компьютерные сети},
  publisher    = {Питер},
  edition      = {6-е},
  year         = {2022},
  address      = {СПб},
  language     = {russian},
  note         = {{ISBN:} 978-5-4461-2093-4}
}

@book{book_olifer_network_os,
  author       = {Олифер, В. Г. and Олифер, Н. А.},
  title        = {Сетевые операционные системы},
  publisher    = {БХВ-Петербург},
  year         = {2020},
  address      = {СПб},
  language     = {russian},
  note         = {{ISBN:} 978-5-9775-6653-1}
}

@book{book_lubanovich_fastapi,
  author       = {Б. Любанович},
  title        = {FastAPI: веб-разработка на Python},
  publisher    = {Питер},
  year         = {2025},
  address      = {СПб},
  language     = {russian},
  note         = {{ISBN:} 978-601-08-3847-5}
}